<record><leader>03228cam a22004938i 45 0</leader><controlfield tag="001">6636756</controlfield><controlfield tag="003">OCoLC</controlfield><controlfield tag="005">20150427151400.0</controlfield><controlfield tag="008">141212t20152015abcab    b    001 0 eng  </controlfield><datafield ind1=" " ind2=" " tag="016"><subfield code="a">20149082398</subfield></datafield><datafield ind1=" " ind2=" " tag="020"><subfield code="a">9781772120356</subfield></datafield><datafield ind1=" " ind2=" " tag="020"><subfield code="a">1772120359</subfield></datafield><datafield ind1=" " ind2=" " tag="035"><subfield code="a">ocn898475945</subfield></datafield><datafield ind1=" " ind2=" " tag="040"><subfield code="a">NLC</subfield><subfield code="b">eng</subfield><subfield code="e">rda</subfield><subfield code="c">NLC</subfield><subfield code="d">OCLCO</subfield><subfield code="d">YDXCP</subfield><subfield code="d">BTCTA</subfield><subfield code="d">BDX</subfield><subfield code="d">CDX</subfield><subfield code="d">LTSCA</subfield><subfield code="d">AFMK</subfield></datafield><datafield ind1=" " ind2="0" tag="055"><subfield code="a">TP690</subfield><subfield code="b">G748 2015</subfield></datafield><datafield ind1="0" ind2="4" tag="082"><subfield code="a">665/.4</subfield><subfield code="2">23</subfield></datafield><datafield ind1=" " ind2=" " tag="090"><subfield code="a">TP 690 G748 2015</subfield><subfield code="b">AEKC</subfield></datafield><datafield ind1=" " ind2=" " tag="090"><subfield code="a">TP 690 G748 2015</subfield><subfield code="b">AVC</subfield></datafield><datafield ind1=" " ind2=" " tag="090"><subfield code="a">TP 690 G748 2015</subfield><subfield code="b">AFMK</subfield></datafield><datafield ind1=" " ind2=" " tag="090"><subfield code="a">TP 690 G739 2015</subfield><subfield code="b">AEU</subfield></datafield><datafield ind1=" " ind2=" " tag="090"><subfield code="a">TP690 .G739 2015</subfield><subfield code="b">AEGMCT</subfield></datafield><datafield ind1="1" ind2=" " tag="100"><subfield code="a">Gray, Murray R.,</subfield><subfield code="e">author.</subfield></datafield><datafield ind1="1" ind2="0" tag="245"><subfield code="a">Upgrading oilsands bitumen and heavy oil /</subfield><subfield code="c">Murray R. Gray.</subfield></datafield><datafield ind1=" " ind2=" " tag="250"><subfield code="a">First edition.</subfield></datafield><datafield ind1=" " ind2="1" tag="264"><subfield code="a">Edmonton, Alberta :</subfield><subfield code="b">Pica Pica Press, an imprint of the University of Alberta Press,</subfield><subfield code="c">[2015]</subfield></datafield><datafield ind1=" " ind2="4" tag="264"><subfield code="c">&#169;2015</subfield></datafield><datafield ind1=" " ind2=" " tag="300"><subfield code="a">xi, 499 pages :</subfield><subfield code="b">illustrations, maps ;</subfield><subfield code="c">27 cm</subfield></datafield><datafield ind1=" " ind2=" " tag="336"><subfield code="a">text</subfield><subfield code="b">txt</subfield><subfield code="2">rdacontent</subfield></datafield><datafield ind1=" " ind2=" " tag="337"><subfield code="a">unmediated</subfield><subfield code="b">n</subfield><subfield code="2">rdamedia</subfield></datafield><datafield ind1=" " ind2=" " tag="338"><subfield code="a">volume</subfield><subfield code="b">nc</subfield><subfield code="2">rdacarrier</subfield></datafield><datafield ind1=" " ind2=" " tag="504"><subfield code="a">Includes bibliographical references and index.</subfield></datafield><datafield ind1=" " ind2=" " tag="520"><subfield code="a">"The high demand for quality petroleum products necessitates ongoing innovation in the science and engineering underlying oilsands extraction and upgrading. Beginning with a thorough grounding in the composition, fluid properties, reaction behaviour, and conomics of bitumen and heavy oil, Murray Gray then delves into current processing technologies, particularly those used at full commercial scale. The tables of data on composition, yield, and behaviour of oilsands bitumen and heavy oil fractions are extensive. Though the focus is on bitumen from Alberta's oilsands-the largest resource in the world-the science applies to upgrading of heavy oil and petroleum residue feeds worldwide. Upgrading Oilsands Bitumen and Heavy Oil lays out the current best practice for engineers and scientists in the oilsands and refining industries, government personnel, academics, and students."--</subfield><subfield code="c">Provided by publisher.</subfield></datafield><datafield ind1=" " ind2=" " tag="530"><subfield code="a">Issued also in electronic format.</subfield></datafield><datafield ind1=" " ind2=" " tag="596"><subfield code="a">8 29 31 48 52</subfield></datafield><datafield ind1=" " ind2="0" tag="650"><subfield code="a">Bitumen</subfield><subfield code="x">Refining.</subfield></datafield><datafield ind1=" " ind2="0" tag="650"><subfield code="a">Oil sands</subfield><subfield code="x">Refining.</subfield></datafield><datafield ind1=" " ind2="0" tag="650"><subfield code="a">Heavy oil</subfield><subfield code="x">Refining.</subfield></datafield><datafield ind1="1" ind2=" " tag="776"><subfield code="a">Gray, Murray R, author.</subfield><subfield code="t">Upgrading oilsands bitumen and heavy oil.</subfield><subfield code="w">(CaOONL)20149082401</subfield></datafield><datafield ind1=" " ind2=" " tag="926"><subfield code="a">TP 690 G748 2015</subfield><subfield code="w">LC</subfield><subfield code="c">1</subfield><subfield code="i">34917001375208</subfield><subfield code="d">4/3/2017</subfield><subfield code="e">4/3/2017</subfield><subfield code="k">CHECKEDOUT</subfield><subfield code="l">ON_SHELF</subfield><subfield code="m">KEYANO</subfield><subfield code="n">25</subfield><subfield code="p">$80.75</subfield><subfield code="r">M</subfield><subfield code="s">Y</subfield><subfield code="t">BOOK</subfield><subfield code="u">12/10/2014</subfield><subfield code="o">.STAFF. Rec'd Apr/15 MW</subfield></datafield><datafield ind1=" " ind2=" " tag="926"><subfield code="a">TP 690 G739 2015</subfield><subfield code="w">LC</subfield><subfield code="c">1</subfield><subfield code="i">0162035279569</subfield><subfield code="d">3/27/2017</subfield><subfield code="e">3/27/2017</subfield><subfield code="k">RESERVES</subfield><subfield code="l">ON_SHELF</subfield><subfield code="m">UASCITECH</subfield><subfield code="n">15</subfield><subfield code="p">$150.00</subfield><subfield code="r">Y</subfield><subfield code="s">Y</subfield><subfield code="t">SHORT_LOAN</subfield><subfield code="u">4/29/2015</subfield></datafield><datafield ind1=" " ind2=" " tag="926"><subfield code="a">TP 690 G739 2015</subfield><subfield code="w">LC</subfield><subfield code="c">2</subfield><subfield code="i">0162034927564</subfield><subfield code="d">2/2/2017</subfield><subfield code="e">2/2/2017</subfield><subfield code="k">CHECKEDOUT</subfield><subfield code="l">ON_SHELF</subfield><subfield code="m">UASCITECH</subfield><subfield code="n">7</subfield><subfield code="p">$150.00</subfield><subfield code="r">M</subfield><subfield code="s">Y</subfield><subfield code="t">BOOK</subfield><subfield code="u">3/3/2016</subfield><subfield code="z">COUTTS_ADD</subfield></datafield><datafield ind1=" " ind2=" " tag="926"><subfield code="a">TP 690 G748 2015</subfield><subfield code="w">LC</subfield><subfield code="c">1</subfield><subfield code="i">38288001140984</subfield><subfield code="d">3/30/2017</subfield><subfield code="e">3/30/2017</subfield><subfield code="k">CHECKEDOUT</subfield><subfield code="l">ON_SHELF</subfield><subfield code="m">LAKELND_LL</subfield><subfield code="n">16</subfield><subfield code="p">$150.00</subfield><subfield code="r">M</subfield><subfield code="s">Y</subfield><subfield code="t">BOOK</subfield><subfield code="u">5/8/2015</subfield></datafield><datafield ind1=" " ind2=" " tag="926"><subfield code="a">TP690 .G739 2015</subfield><subfield code="w">LC</subfield><subfield code="c">1</subfield><subfield code="i">1007777418</subfield><subfield code="d">4/7/2017</subfield><subfield code="e">3/24/2017</subfield><subfield code="k">INTRANSIT</subfield><subfield code="l">ON_SHELF</subfield><subfield code="m">GR_MACEWAN</subfield><subfield code="n">24</subfield><subfield code="p">$74.80</subfield><subfield code="r">Y</subfield><subfield code="s">Y</subfield><subfield code="t">BOOK</subfield><subfield code="u">7/21/2015</subfield></datafield><datafield ind1=" " ind2=" " tag="926"><subfield code="a">TP 690 G748 2015</subfield><subfield code="w">LC</subfield><subfield code="c">1</subfield><subfield code="i">3197900630337</subfield><subfield code="d">4/3/2017</subfield><subfield code="e">4/3/2017</subfield><subfield code="k">CHECKEDOUT</subfield><subfield code="l">ON_SHELF</subfield><subfield code="m">KINGS</subfield><subfield code="n">22</subfield><subfield code="r">M</subfield><subfield code="s">Y</subfield><subfield code="t">BOOK</subfield><subfield code="u">12/15/2015</subfield></datafield></record>